<?xml version="1.0" encoding="UTF-8" ?>
<collection xmlns:xsi="http://www.w3.org/2001/XMLSchema-instance"
    xsi:schemaLocation="http://www.loc.gov/MARC21/slim
        http://www.loc.gov/standards/marcxml/schema/MARC21slim.xsd"
    xmlns="http://www.loc.gov/MARC21/slim">
<record>
  <leader>00397cam a2200829 ia4500</leader>
  <controlfield tag="001">b12328480</controlfield>
  <controlfield tag="003">LeBAU</controlfield>
  <controlfield tag="005">20140811</controlfield>
  <controlfield tag="008">970129s1936    le h     b    ||1 0 ara d</controlfield>
  <datafield tag="035" ind1=" " ind2=" ">
    <subfield code="a">ocn784205316</subfield>
  </datafield>
  <datafield tag="037" ind1=" " ind2=" ">
    <subfield code="b">Library</subfield>
    <subfield code="z">30975</subfield>
  </datafield>
  <datafield tag="040" ind1=" " ind2=" ">
    <subfield code="a">LEAUB</subfield>
    <subfield code="b">ara</subfield>
    <subfield code="e">rda</subfield>
    <subfield code="c">LEAUB</subfield>
    <subfield code="d">LEAUB</subfield>
  </datafield>
  <datafield tag="082" ind1="0" ind2="4">
    <subfield code="a">297.09</subfield>
    <subfield code="2">22</subfield>
  </datafield>
  <datafield tag="100" ind1="1" ind2=" ">
    <subfield code="6">880-01</subfield>
    <subfield code="a">Ibn al-Furāt, Muḥammad ibn ʻAbd al-Raḥim,</subfield>
    <subfield code="d">1334 or 1335-1405,</subfield>
    <subfield code="e">author.</subfield>
  </datafield>
  <datafield tag="245" ind1="1" ind2="0">
    <subfield code="6">880-02</subfield>
    <subfield code="a">Tārīkh Ibn al-Furāt /</subfield>
    <subfield code="c">li-Nāṣir al-Dīn Muḥammad ibn ʻAbd al-Raḥīm ibn al-Furāt ; ḥaqqaqahu wa-ḍabaṭa naṣṣahu al-Duktūr Qusṭanṭīn Zurayq, ustādh f al-tārīkh al-‘Arabī, Jāmi‘at Bayrūt al-Amīrkīyah.</subfield>
  </datafield>
  <datafield tag="246" ind1="1" ind2="5">
    <subfield code="a">History of Ibn al-Furāt</subfield>
  </datafield>
  <datafield tag="264" ind1=" " ind2="1">
    <subfield code="6">880-03</subfield>
    <subfield code="a">Bayrūt :</subfield>
    <subfield code="b">al-Maṭbaʻah al-Amīrkānīyah,</subfield>
    <subfield code="c">1936-1942.</subfield>
  </datafield>
  <datafield tag="300" ind1=" " ind2=" ">
    <subfield code="6">880-04</subfield>
    <subfield code="a">3 volumes :</subfield>
    <subfield code="b">illustrations, facsimilies ;</subfield>
    <subfield code="c">24 cm.</subfield>
  </datafield>
  <datafield tag="336" ind1=" " ind2=" ">
    <subfield code="a">text</subfield>
    <subfield code="b">txt</subfield>
    <subfield code="2">rdacontent</subfield>
  </datafield>
  <datafield tag="336" ind1=" " ind2=" ">
    <subfield code="a">still image</subfield>
    <subfield code="b">sti</subfield>
    <subfield code="2">rdacontent</subfield>
  </datafield>
  <datafield tag="337" ind1=" " ind2=" ">
    <subfield code="a">unmediated</subfield>
    <subfield code="b">n</subfield>
    <subfield code="2">rdamedia</subfield>
  </datafield>
  <datafield tag="338" ind1=" " ind2=" ">
    <subfield code="a">volume</subfield>
    <subfield code="b">nc</subfield>
    <subfield code="2">rdacarrier</subfield>
  </datafield>
  <datafield tag="490" ind1="1" ind2=" ">
    <subfield code="6">880-05</subfield>
    <subfield code="a">Silsilat al-‘ulūm al-sharqīyah (al-Jāmi‘ah al-Amīrikīyah fī Bayrūt. Kullīyat al-‘Ulūm wa-al-Ādāb ;</subfield>
    <subfield code="v">al-ḥalaqah sābi‘ah ‘asharah</subfield>
  </datafield>
  <datafield tag="500" ind1=" " ind2=" ">
    <subfield code="a">المجلد الثامن نشر سنة 1939 (الحلقة الرابعة عشرة)؛ المجلد التاسع، الجزء الأول نشر سنة 1936 (الحلقة التاسعة)؛ المجلد التاسع، الجزء الثاني نشر سنة 1938 (الحلقة العاشرة)</subfield>
  </datafield>
  <datafield tag="500" ind1=" " ind2=" ">
    <subfield code="a">المجلد الثامن والمجلد التاسع، الجزء الثاني: حققه وضبط نصه الدكتور قسطنطين زريق والدكتورة نجلا عز الدين.</subfield>
  </datafield>
  <datafield tag="504" ind1=" " ind2=" ">
    <subfield code="a">يتضمن مراجع ببليوغرافية وكشافات.</subfield>
  </datafield>
  <datafield tag="505" ind1="0" ind2=" ">
    <subfield code="a">المجلد السابع. (672-682 هـ.) --المجلد الثامن. (سنة 683-696 هـ.)</subfield>
  </datafield>
  <datafield tag="588" ind1=" " ind2=" ">
    <subfield code="a">الوصف يستند إلى المجلد السابع.</subfield>
  </datafield>
  <datafield tag="590" ind1=" " ind2=" ">
    <subfield code="a">في المكتبة: الأجزاء 7-9.</subfield>
  </datafield>
  <datafield tag="650" ind1=" " ind2="0">
    <subfield code="a">الحروب الصليبية</subfield>
    <subfield code="y">الثالثة، 1189-1192.</subfield>
  </datafield>
  <datafield tag="650" ind1=" " ind2="0">
    <subfield code="a">الحروب الصليبية</subfield>
    <subfield code="y">الرابعة، 1202-1204.</subfield>
  </datafield>
  <datafield tag="650" ind1=" " ind2="0">
    <subfield code="a">التسلسل الزمني التاريخي.</subfield>
  </datafield>
  <datafield tag="650" ind1=" " ind2="0">
    <subfield code="a">Crusades</subfield>
    <subfield code="y">Third, 1189-1192.</subfield>
  </datafield>
  <datafield tag="650" ind1=" " ind2="0">
    <subfield code="a">Crusades</subfield>
    <subfield code="y">Fourth, 1202-1204.</subfield>
  </datafield>
  <datafield tag="650" ind1=" " ind2="0">
    <subfield code="a">Chronology, Historical.</subfield>
  </datafield>
  <datafield tag="651" ind1=" " ind2="0">
    <subfield code="a">الإمبراطورية الإسلامية</subfield>
    <subfield code="x">تاريخ.</subfield>
  </datafield>
  <datafield tag="651" ind1=" " ind2="0">
    <subfield code="a">Islamic Empire</subfield>
    <subfield code="x">History.</subfield>
  </datafield>
  <datafield tag="700" ind1="1" ind2=" ">
    <subfield code="6">880-06</subfield>
    <subfield code="a">Zurayq, Qusṭanṭīn,</subfield>
    <subfield code="d">1909-</subfield>
    <subfield code="e">compiler.</subfield>
  </datafield>
  <datafield tag="700" ind1="1" ind2=" ">
    <subfield code="6">880-07</subfield>
    <subfield code="a">Abū ʻIzz al-Dīn, Najlā M.,</subfield>
    <subfield code="e">compiler.</subfield>
  </datafield>
  <datafield tag="830" ind1=" " ind2="0">
    <subfield code="6">880-08</subfield>
    <subfield code="a">Silsilat al-‘ulūm al-sharqīyah (al-Jāmi‘ah al-Amīrikīyah fī Bayrūt. Kullīyat al-‘Ulūm wa-al-Ādāb ;</subfield>
    <subfield code="v">al-ḥalaqah 17</subfield>
  </datafield>
  <datafield tag="852" ind1=" " ind2=" ">
    <subfield code="a">Jafet Library</subfield>
    <subfield code="e">American University of Beirut, Bliss Street , Beirut, Lebanon.</subfield>
  </datafield>
  <datafield tag="852" ind1=" " ind2=" ">
    <subfield code="a">Jafet Archives and Special Collections</subfield>
    <subfield code="e">American University of Beirut, Bliss Street , Beirut, Lebanon.</subfield>
  </datafield>
  <datafield tag="880" ind1="1" ind2=" ">
    <subfield code="6">100-01/(3/r</subfield>
    <subfield code="a">إبن الفرات، محمد بن عبد الرحيم،</subfield>
    <subfield code="d">1334 او 1335-1405،</subfield>
    <subfield code="e">مؤلف. </subfield>
    <subfield code="4">aut.</subfield>
  </datafield>
  <datafield tag="880" ind1="1" ind2="0">
    <subfield code="6">245-02/(3/r</subfield>
    <subfield code="a">تاريخ إبن الفرات /</subfield>
    <subfield code="c">لناصر الدين محمد بن عبد الرحيم بن الفرات ؛ حققه وضبط نصه الدكتور قسطنطين زريق، أستاذ في التاريخ العربي، جامعة بيروت الأميركية.</subfield>
  </datafield>
  <datafield tag="880" ind1=" " ind2="1">
    <subfield code="6">264-03/(3/r</subfield>
    <subfield code="a">بيروت :</subfield>
    <subfield code="b">المطبعة الأميركانية،</subfield>
    <subfield code="c">1942.</subfield>
  </datafield>
  <datafield tag="880" ind1=" " ind2=" ">
    <subfield code="6">300-04/(3/r</subfield>
    <subfield code="a">3 مجلدات :</subfield>
    <subfield code="b">مصورات، صور طبق الأصل ؛</subfield>
    <subfield code="c">24 سم.</subfield>
  </datafield>
  <datafield tag="880" ind1="1" ind2=" ">
    <subfield code="6">490-05/(3/r</subfield>
    <subfield code="a">سلسلة العلوم الشرقية (الجامعة الاميركية في بيروت. كلية العلوم والآداب) ؛</subfield>
    <subfield code="v">الحلقة السابعة عشرة</subfield>
  </datafield>
  <datafield tag="880" ind1="1" ind2=" ">
    <subfield code="6">700-06/(3/r</subfield>
    <subfield code="a">زريق، قسطنطين،</subfield>
    <subfield code="d">1909-</subfield>
    <subfield code="e">معد. </subfield>
    <subfield code="4">com.</subfield>
  </datafield>
  <datafield tag="880" ind1="1" ind2=" ">
    <subfield code="6">700-07/(3/r</subfield>
    <subfield code="a">أبو عز الدين، نجلا م.،</subfield>
    <subfield code="e">معد. </subfield>
    <subfield code="4">com.</subfield>
  </datafield>
  <datafield tag="880" ind1=" " ind2="0">
    <subfield code="6">830-08/(3/r</subfield>
    <subfield code="a">سلسلة العلوم الشرقية (الجامعة الاميركية في بيروت. كلية العلوم والآداب) ؛</subfield>
    <subfield code="v">17.</subfield>
  </datafield>
  <datafield tag="907" ind1=" " ind2=" ">
    <subfield code="a">.b12328480</subfield>
    <subfield code="b">16-08-19</subfield>
    <subfield code="c">11-05-24</subfield>
  </datafield>
  <datafield tag="907" ind1=" " ind2=" ">
    <subfield code="a">.b12328480</subfield>
    <subfield code="b">15-10-15</subfield>
    <subfield code="c">11-05-24</subfield>
  </datafield>
  <datafield tag="945" ind1=" " ind2=" ">
    <subfield code="f">CA:AUB</subfield>
    <subfield code="a">297.09:I132tA:v.7:c.1</subfield>
    <subfield code="g">1</subfield>
    <subfield code="i">01068872</subfield>
    <subfield code="j">.i12759454</subfield>
    <subfield code="l">u0305</subfield>
  </datafield>
  <datafield tag="945" ind1=" " ind2=" ">
    <subfield code="f">CA:AUB</subfield>
    <subfield code="a">297.09:I132tA:v.8:c.1</subfield>
    <subfield code="g">1</subfield>
    <subfield code="i">01068873</subfield>
    <subfield code="j">.i12759466</subfield>
    <subfield code="l">u0305</subfield>
  </datafield>
  <datafield tag="945" ind1=" " ind2=" ">
    <subfield code="f">CA:AUB</subfield>
    <subfield code="a">297.09:I132tA:v.9:pt.1:c.1</subfield>
    <subfield code="g">1</subfield>
    <subfield code="i">01068874</subfield>
    <subfield code="j">.i12759478</subfield>
    <subfield code="l">u0305</subfield>
  </datafield>
  <datafield tag="945" ind1=" " ind2=" ">
    <subfield code="f">CA:AUB</subfield>
    <subfield code="a">297.09:I132tA:v.9:pt.2:c.1</subfield>
    <subfield code="g">1</subfield>
    <subfield code="i">01068875</subfield>
    <subfield code="j">.i1275948x</subfield>
    <subfield code="l">u0305</subfield>
  </datafield>
  <datafield tag="945" ind1=" " ind2=" ">
    <subfield code="f">CA:AUB</subfield>
    <subfield code="a">297.09:I132tA:v.9:pt.2:c.2</subfield>
    <subfield code="g">1</subfield>
    <subfield code="i">00343146</subfield>
    <subfield code="j">.i12759491</subfield>
    <subfield code="l">u0305</subfield>
  </datafield>
  <datafield tag="945" ind1=" " ind2=" ">
    <subfield code="f">CA:AUB</subfield>
    <subfield code="a">297.09:I132tA:v.9:pt.1:c.2</subfield>
    <subfield code="g">1</subfield>
    <subfield code="i">00343145</subfield>
    <subfield code="j">.i12759508</subfield>
    <subfield code="l">u0305</subfield>
  </datafield>
  <datafield tag="945" ind1=" " ind2=" ">
    <subfield code="f">CA:AUB</subfield>
    <subfield code="a">297.09:I132tA:v.8:c.2</subfield>
    <subfield code="g">1</subfield>
    <subfield code="i">00343156</subfield>
    <subfield code="j">.i1275951x</subfield>
    <subfield code="l">u0305</subfield>
  </datafield>
  <datafield tag="945" ind1=" " ind2=" ">
    <subfield code="f">CA:AUB</subfield>
    <subfield code="a">297.09:I132tA:v.7:c.2</subfield>
    <subfield code="g">1</subfield>
    <subfield code="i">00343155</subfield>
    <subfield code="j">.i12759521</subfield>
    <subfield code="l">u0305</subfield>
  </datafield>
  <datafield tag="945" ind1=" " ind2=" ">
    <subfield code="f">J</subfield>
    <subfield code="a">297.09:I132tA:v.7:c.1</subfield>
    <subfield code="g">1</subfield>
    <subfield code="i">00502578</subfield>
    <subfield code="j">.i1275934x</subfield>
    <subfield code="l">u0503</subfield>
  </datafield>
  <datafield tag="945" ind1=" " ind2=" ">
    <subfield code="f">J</subfield>
    <subfield code="a">297.09:I132tA:v.7:c.2</subfield>
    <subfield code="g">1</subfield>
    <subfield code="i">01002617</subfield>
    <subfield code="j">.i12759351</subfield>
    <subfield code="l">u0503</subfield>
  </datafield>
  <datafield tag="945" ind1=" " ind2=" ">
    <subfield code="f">J</subfield>
    <subfield code="a">297.09:I132tA:v.7:c.3</subfield>
    <subfield code="g">1</subfield>
    <subfield code="i">01002753</subfield>
    <subfield code="j">.i12759363</subfield>
    <subfield code="l">u0503</subfield>
  </datafield>
  <datafield tag="945" ind1=" " ind2=" ">
    <subfield code="f">J</subfield>
    <subfield code="a">297.09:I132tA:v.8:c.1</subfield>
    <subfield code="g">1</subfield>
    <subfield code="i">01002754</subfield>
    <subfield code="j">.i12759375</subfield>
    <subfield code="l">u0503</subfield>
  </datafield>
  <datafield tag="945" ind1=" " ind2=" ">
    <subfield code="f">J</subfield>
    <subfield code="a">297.09:I132tA:v.8:c.2</subfield>
    <subfield code="g">1</subfield>
    <subfield code="i">01002755</subfield>
    <subfield code="j">.i12759387</subfield>
    <subfield code="l">u0503</subfield>
  </datafield>
  <datafield tag="945" ind1=" " ind2=" ">
    <subfield code="f">J</subfield>
    <subfield code="a">297.09:I132tA:v.8:c.3</subfield>
    <subfield code="g">1</subfield>
    <subfield code="i">01002756</subfield>
    <subfield code="j">.i12759399</subfield>
    <subfield code="l">u0503</subfield>
  </datafield>
  <datafield tag="945" ind1=" " ind2=" ">
    <subfield code="f">J</subfield>
    <subfield code="a">297.09:I132tA:v.9:pt.1:c.1</subfield>
    <subfield code="g">1</subfield>
    <subfield code="i">01002757</subfield>
    <subfield code="j">.i12759405</subfield>
    <subfield code="l">u0503</subfield>
  </datafield>
  <datafield tag="945" ind1=" " ind2=" ">
    <subfield code="f">J</subfield>
    <subfield code="a">297.09:I132tA:v.9:pt.1:c.2</subfield>
    <subfield code="g">1</subfield>
    <subfield code="i">01002760</subfield>
    <subfield code="j">.i12759417</subfield>
    <subfield code="l">u0503</subfield>
  </datafield>
  <datafield tag="945" ind1=" " ind2=" ">
    <subfield code="f">J</subfield>
    <subfield code="a">297.09:I132tA:v.9:pt.1:c.3</subfield>
    <subfield code="g">1</subfield>
    <subfield code="i">01002761</subfield>
    <subfield code="j">.i12759429</subfield>
    <subfield code="l">u0503</subfield>
  </datafield>
  <datafield tag="945" ind1=" " ind2=" ">
    <subfield code="f">J</subfield>
    <subfield code="a">297.09:I132tA:v.9:pt.2:c.1</subfield>
    <subfield code="g">1</subfield>
    <subfield code="i">01002762</subfield>
    <subfield code="j">.i12759430</subfield>
    <subfield code="l">u0503</subfield>
  </datafield>
  <datafield tag="945" ind1=" " ind2=" ">
    <subfield code="f">J</subfield>
    <subfield code="a">297.09:I132tA:v.9:pt.2:c.2</subfield>
    <subfield code="g">1</subfield>
    <subfield code="i">01002763</subfield>
    <subfield code="j">.i12759442</subfield>
    <subfield code="l">u0503</subfield>
  </datafield>
  <datafield tag="998" ind1=" " ind2=" ">
    <subfield code="a">(8)u03</subfield>
    <subfield code="a">(11)u05</subfield>
    <subfield code="b">97-01-29</subfield>
    <subfield code="c">m</subfield>
    <subfield code="d">a</subfield>
    <subfield code="e">-</subfield>
    <subfield code="f">ara</subfield>
    <subfield code="g">le </subfield>
    <subfield code="h">0</subfield>
    <subfield code="i">19</subfield>
  </datafield>
</record>
</collection>
